@misc{freertos,
    author={Real Time Engineers ltd.},
    title={FreeRTOS website},
    howpublished={\url{http://www.freertos.org}}
}

@misc{twitter,
    author={Twitter},
    title={Developers documentation},
    howpublished={\url{https://dev.twitter.com/docs}}
}


@misc{liboauth,
    author={Robin Gareus},
    title={libOAuth},
    howpublished={\url{http://liboauth.sourceforge.net}}
}